<?xml version="1.0" encoding="utf-8" ?>
<gnc-v2
     xmlns:gnc="http://www.gnucash.org/XML/gnc"
     xmlns:act="http://www.gnucash.org/XML/act"
     xmlns:book="http://www.gnucash.org/XML/book"
     xmlns:cd="http://www.gnucash.org/XML/cd"
     xmlns:cmdty="http://www.gnucash.org/XML/cmdty"
     xmlns:price="http://www.gnucash.org/XML/price"
     xmlns:slot="http://www.gnucash.org/XML/slot"
     xmlns:split="http://www.gnucash.org/XML/split"
     xmlns:sx="http://www.gnucash.org/XML/sx"
     xmlns:trn="http://www.gnucash.org/XML/trn"
     xmlns:ts="http://www.gnucash.org/XML/ts"
     xmlns:fs="http://www.gnucash.org/XML/fs"
     xmlns:bgt="http://www.gnucash.org/XML/bgt"
     xmlns:recurrence="http://www.gnucash.org/XML/recurrence"
     xmlns:lot="http://www.gnucash.org/XML/lot"
     xmlns:addr="http://www.gnucash.org/XML/addr"
     xmlns:billterm="http://www.gnucash.org/XML/billterm"
     xmlns:bt-days="http://www.gnucash.org/XML/bt-days"
     xmlns:bt-prox="http://www.gnucash.org/XML/bt-prox"
     xmlns:cust="http://www.gnucash.org/XML/cust"
     xmlns:employee="http://www.gnucash.org/XML/employee"
     xmlns:entry="http://www.gnucash.org/XML/entry"
     xmlns:invoice="http://www.gnucash.org/XML/invoice"
     xmlns:job="http://www.gnucash.org/XML/job"
     xmlns:order="http://www.gnucash.org/XML/order"
     xmlns:owner="http://www.gnucash.org/XML/owner"
     xmlns:taxtable="http://www.gnucash.org/XML/taxtable"
     xmlns:tte="http://www.gnucash.org/XML/tte"
     xmlns:vendor="http://www.gnucash.org/XML/vendor">
<gnc:count-data cd:type="book">1</gnc:count-data>
<gnc:book version="2.0.0">
<book:id type="guid">d50997e4fca84115809d44229c6815ca</book:id>
<book:slots>
  <slot>
    <slot:key>counter_formats</slot:key>
    <slot:value type="frame"/>
  </slot>
  <slot>
    <slot:key>features</slot:key>
    <slot:value type="frame">
      <slot>
        <slot:key>Register sort and filter settings stored in .gcm file</slot:key>
        <slot:value type="string">Store the register sort and filter settings in .gcm metadata file (requires at least GnuCash 3.3)</slot:value>
      </slot>
    </slot:value>
  </slot>
  <slot>
    <slot:key>remove-color-not-set-slots</slot:key>
    <slot:value type="string">true</slot:value>
  </slot>
</book:slots>
<gnc:count-data cd:type="commodity">1</gnc:count-data>
<gnc:count-data cd:type="account">10</gnc:count-data>
<gnc:count-data cd:type="transaction">3</gnc:count-data>
<gnc:commodity version="2.0.0">
  <cmdty:space>CURRENCY</cmdty:space>
  <cmdty:id>CNY</cmdty:id>
  <cmdty:get_quotes/>
  <cmdty:quote_source>currency</cmdty:quote_source>
  <cmdty:quote_tz/>
</gnc:commodity>
<gnc:commodity version="2.0.0">
  <cmdty:space>CURRENCY</cmdty:space>
  <cmdty:id>USD</cmdty:id>
  <cmdty:get_quotes/>
  <cmdty:quote_source>currency</cmdty:quote_source>
  <cmdty:quote_tz/>
</gnc:commodity>
<gnc:commodity version="2.0.0">
  <cmdty:space>CURRENCY</cmdty:space>
  <cmdty:id>XTS</cmdty:id>
  <cmdty:get_quotes/>
  <cmdty:quote_source>currency</cmdty:quote_source>
  <cmdty:quote_tz/>
</gnc:commodity>
<gnc:commodity version="2.0.0">
  <cmdty:space>template</cmdty:space>
  <cmdty:id>template</cmdty:id>
  <cmdty:name>template</cmdty:name>
  <cmdty:xcode>template</cmdty:xcode>
  <cmdty:fraction>1</cmdty:fraction>
</gnc:commodity>
<gnc:account version="2.0.0">
  <act:name>Root Account</act:name>
  <act:id type="guid">676b6ffbe8634ec892d1d2a0401a3636</act:id>
  <act:type>ROOT</act:type>
  <act:commodity>
    <cmdty:space>CURRENCY</cmdty:space>
    <cmdty:id>CNY</cmdty:id>
  </act:commodity>
  <act:commodity-scu>100</act:commodity-scu>
</gnc:account>
<gnc:account version="2.0.0">
  <act:name>Assets</act:name>
  <act:id type="guid">859ddfa9ea1343e8a2b180aa7696c666</act:id>
  <act:type>ASSET</act:type>
  <act:commodity>
    <cmdty:space>CURRENCY</cmdty:space>
    <cmdty:id>XTS</cmdty:id>
  </act:commodity>
  <act:commodity-scu>1000000</act:commodity-scu>
  <act:description>Assets</act:description>
  <act:slots>
    <slot>
      <slot:key>placeholder</slot:key>
      <slot:value type="string">true</slot:value>
    </slot>
  </act:slots>
  <act:parent type="guid">676b6ffbe8634ec892d1d2a0401a3636</act:parent>
</gnc:account>
<gnc:account version="2.0.0">
  <act:name>Current Assets</act:name>
  <act:id type="guid">7655bb47883e4f40be62367c4116ff7e</act:id>
  <act:type>ASSET</act:type>
  <act:commodity>
    <cmdty:space>CURRENCY</cmdty:space>
    <cmdty:id>XTS</cmdty:id>
  </act:commodity>
  <act:commodity-scu>1000000</act:commodity-scu>
  <act:description>Current Assets</act:description>
  <act:slots>
    <slot>
      <slot:key>placeholder</slot:key>
      <slot:value type="string">true</slot:value>
    </slot>
  </act:slots>
  <act:parent type="guid">859ddfa9ea1343e8a2b180aa7696c666</act:parent>
</gnc:account>
<gnc:account version="2.0.0">
  <act:name>Checking Account</act:name>
  <act:id type="guid">4aa91d186f644be28412d55c004002d2</act:id>
  <act:type>BANK</act:type>
  <act:commodity>
    <cmdty:space>CURRENCY</cmdty:space>
    <cmdty:id>XTS</cmdty:id>
  </act:commodity>
  <act:commodity-scu>1000000</act:commodity-scu>
  <act:description>Checking Account</act:description>
  <act:parent type="guid">7655bb47883e4f40be62367c4116ff7e</act:parent>
</gnc:account>
<gnc:account version="2.0.0">
  <act:name>Cash in Wallet</act:name>
  <act:id type="guid">2d415b962c1a4d7aa1650cdeb891219f</act:id>
  <act:type>ASSET</act:type>
  <act:commodity>
    <cmdty:space>CURRENCY</cmdty:space>
    <cmdty:id>XTS</cmdty:id>
  </act:commodity>
  <act:commodity-scu>1000000</act:commodity-scu>
  <act:description>Cash in Wallet</act:description>
  <act:parent type="guid">7655bb47883e4f40be62367c4116ff7e</act:parent>
</gnc:account>
<gnc:account version="2.0.0">
  <act:name>Cash in Wallet (USD)</act:name>
  <act:id type="guid">22251cddeab94a039318f7a9ec693ba9</act:id>
  <act:type>ASSET</act:type>
  <act:commodity>
    <cmdty:space>CURRENCY</cmdty:space>
    <cmdty:id>USD</cmdty:id>
  </act:commodity>
  <act:commodity-scu>100</act:commodity-scu>
  <act:description>Cash in Wallet (USD)</act:description>
  <act:parent type="guid">7655bb47883e4f40be62367c4116ff7e</act:parent>
</gnc:account>
<gnc:account version="2.0.0">
  <act:name>Income</act:name>
  <act:id type="guid">89809f22258c447f861a1d948adcdb5f</act:id>
  <act:type>INCOME</act:type>
  <act:commodity>
    <cmdty:space>CURRENCY</cmdty:space>
    <cmdty:id>XTS</cmdty:id>
  </act:commodity>
  <act:commodity-scu>1000000</act:commodity-scu>
  <act:description>Income</act:description>
  <act:parent type="guid">676b6ffbe8634ec892d1d2a0401a3636</act:parent>
</gnc:account>
<gnc:account version="2.0.0">
  <act:name>Expenses</act:name>
  <act:id type="guid">71aeaa0f0a1b439e806df70eb41af356</act:id>
  <act:type>EXPENSE</act:type>
  <act:commodity>
    <cmdty:space>CURRENCY</cmdty:space>
    <cmdty:id>XTS</cmdty:id>
  </act:commodity>
  <act:commodity-scu>1000000</act:commodity-scu>
  <act:description>Expenses</act:description>
  <act:parent type="guid">676b6ffbe8634ec892d1d2a0401a3636</act:parent>
</gnc:account>
<gnc:account version="2.0.0">
  <act:name>Equity</act:name>
  <act:id type="guid">6328628ccf0a44a3a79b5ae98c527608</act:id>
  <act:type>EQUITY</act:type>
  <act:commodity>
    <cmdty:space>CURRENCY</cmdty:space>
    <cmdty:id>XTS</cmdty:id>
  </act:commodity>
  <act:commodity-scu>1000000</act:commodity-scu>
  <act:description>Equity</act:description>
  <act:slots>
    <slot>
      <slot:key>placeholder</slot:key>
      <slot:value type="string">true</slot:value>
    </slot>
  </act:slots>
  <act:parent type="guid">676b6ffbe8634ec892d1d2a0401a3636</act:parent>
</gnc:account>
<gnc:account version="2.0.0">
  <act:name>Opening Balances</act:name>
  <act:id type="guid">1f9a5c76435744428bb233c4db384ff1</act:id>
  <act:type>EQUITY</act:type>
  <act:commodity>
    <cmdty:space>CURRENCY</cmdty:space>
    <cmdty:id>XTS</cmdty:id>
  </act:commodity>
  <act:commodity-scu>1000000</act:commodity-scu>
  <act:description>Opening Balances</act:description>
  <act:slots>
    <slot>
      <slot:key>equity-type</slot:key>
      <slot:value type="string">opening-balance</slot:value>
    </slot>
  </act:slots>
  <act:parent type="guid">6328628ccf0a44a3a79b5ae98c527608</act:parent>
</gnc:account>
<gnc:transaction version="2.0.0">
  <trn:id type="guid">d9c2fa52ef0941c3b88c73eb4bf451d5</trn:id>
  <trn:currency>
    <cmdty:space>CURRENCY</cmdty:space>
    <cmdty:id>CNY</cmdty:id>
  </trn:currency>
  <trn:date-posted>
    <ts:date>2022-01-04 10:59:00 +0000</ts:date>
  </trn:date-posted>
  <trn:date-entered>
    <ts:date>2022-01-04 13:13:10 +0000</ts:date>
  </trn:date-entered>
  <trn:description></trn:description>
  <trn:slots>
    <slot>
      <slot:key>date-posted</slot:key>
      <slot:value type="gdate">
        <gdate>2022-01-04</gdate>
      </slot:value>
    </slot>
  </trn:slots>
  <trn:splits>
    <trn:split>
      <split:id type="guid">66d0ee5e09ee4d7180ffcfe0ecffd90e</split:id>
      <split:reconciled-state>n</split:reconciled-state>
      <split:value>10000/100</split:value>
      <split:quantity>100000000/1000000</split:quantity>
      <split:account type="guid">4aa91d186f644be28412d55c004002d2</split:account>
    </trn:split>
    <trn:split>
      <split:id type="guid">382b724904af4cf4b50a6047ef3c8b90</split:id>
      <split:reconciled-state>n</split:reconciled-state>
      <split:value>-10000/100</split:value>
      <split:quantity>-100000000/1000000</split:quantity>
      <split:account type="guid">1f9a5c76435744428bb233c4db384ff1</split:account>
    </trn:split>
  </trn:splits>
</gnc:transaction>
<gnc:transaction version="2.0.0">
  <trn:id type="guid">e35ab2744a9d4701941993c73c10309b</trn:id>
  <trn:currency>
    <cmdty:space>CURRENCY</cmdty:space>
    <cmdty:id>CNY</cmdty:id>
  </trn:currency>
  <trn:date-posted>
    <ts:date>2022-01-04 10:59:00 +0000</ts:date>
  </trn:date-posted>
  <trn:date-entered>
    <ts:date>2022-01-04 13:14:40 +0000</ts:date>
  </trn:date-entered>
  <trn:description></trn:description>
  <trn:slots>
    <slot>
      <slot:key>date-posted</slot:key>
      <slot:value type="gdate">
        <gdate>2022-01-04</gdate>
      </slot:value>
    </slot>
  </trn:slots>
  <trn:splits>
    <trn:split>
      <split:id type="guid">31d26dd960cf4c29b9c5a7f87b5e9cd8</split:id>
      <split:reconciled-state>n</split:reconciled-state>
      <split:value>50000/100</split:value>
      <split:quantity>500000000/1000000</split:quantity>
      <split:account type="guid">4aa91d186f644be28412d55c004002d2</split:account>
    </trn:split>
    <trn:split>
      <split:id type="guid">d4c8c6ac4f4d45f8b9db4936ee6d2221</split:id>
      <split:reconciled-state>n</split:reconciled-state>
      <split:value>-50000/100</split:value>
      <split:quantity>-500000000/1000000</split:quantity>
      <split:account type="guid">89809f22258c447f861a1d948adcdb5f</split:account>
    </trn:split>
  </trn:splits>
</gnc:transaction>
<gnc:transaction version="2.0.0">
  <trn:id type="guid">ca543d98060343299f0338594eff48f7</trn:id>
  <trn:currency>
    <cmdty:space>CURRENCY</cmdty:space>
    <cmdty:id>CNY</cmdty:id>
  </trn:currency>
  <trn:date-posted>
    <ts:date>2022-01-04 10:59:00 +0000</ts:date>
  </trn:date-posted>
  <trn:date-entered>
    <ts:date>2022-01-04 13:14:59 +0000</ts:date>
  </trn:date-entered>
  <trn:description></trn:description>
  <trn:slots>
    <slot>
      <slot:key>date-posted</slot:key>
      <slot:value type="gdate">
        <gdate>2022-01-04</gdate>
      </slot:value>
    </slot>
  </trn:slots>
  <trn:splits>
    <trn:split>
      <split:id type="guid">ae408132b8e14c04ad8cf097ea951b90</split:id>
      <split:reconciled-state>n</split:reconciled-state>
      <split:value>2000/100</split:value>
      <split:quantity>20000000/1000000</split:quantity>
      <split:account type="guid">71aeaa0f0a1b439e806df70eb41af356</split:account>
    </trn:split>
    <trn:split>
      <split:id type="guid">b4c9a1a6be774374aeb31666a3cd69bf</split:id>
      <split:reconciled-state>n</split:reconciled-state>
      <split:value>-2000/100</split:value>
      <split:quantity>-20000000/1000000</split:quantity>
      <split:account type="guid">4aa91d186f644be28412d55c004002d2</split:account>
    </trn:split>
  </trn:splits>
</gnc:transaction>
</gnc:book>
</gnc-v2>

